@MISC{LSTM, author = "Sepp Hochreiter and J{\"u}rgen Schmidhuber", title = "LONG SHORT-TERM MEMORY", year = "1997"}
@MISC{DECTRN, author ="Michael C. Mozer, Denis Kazakov, Robert V. Lindsey", title = "Discrete-Event Continuous-Time Recurrent Nets", year="2017"}
@MISC{LSTM-Blog, title = "Understanding LSTM Networks", url="http://colah.github.io/posts/2015-08-Understanding-LSTMs/", year="2015", author="Christopher Olah"}
@MISC{Github, title = "GitHub data, ready for you to explore with BigQuery", year="2017", url = "https://github.blog/2017-01-19-github-data-ready-for-you-to-explore-with-bigquery/", author="Stephanie Wills"}
@MISC{Adam, title="ADAM: A METHOD FOR STOCHASTIC OPTIMIZATION", year="2015", author="Diederik P. Kingma and Jimmy Lei Ba"}